@ARTICLE{2008arXiv0805.2366I,
  author =       {{Ivezi\'c}, {\v{Z}}. and others},
  title =        "{LSST: from Science Drivers to Reference Design and
                  Anticipated Data Products}",
  journal =      {ArXiv e-prints},
  archivePrefix ="arXiv",
  eprint =       {arXiv:0805.2366},
  volume =       {arXiv:0805.2366},
  keywords =     {Astrophysics},
  year =         2008,
  month =        may,
  adsurl =       {http://adsabs.harvard.edu/abs/2008arXiv0805.2366I},
  adsnote =      {Provided by the SAO/NASA Astrophysics Data System}
}

@INPROCEEDINGS{2004AAS...20510811A,
  author =       {{Axelrod}, T. and {Connolly}, A. and {Ivezic},
                  Z. and {Kantor}, J. and {Lupton}, R. and {Plante},
                  R. and {Stubbs}, C. and {Wittman}, D.  },
  title =        "{The LSST Data Processing Pipeline}",
  booktitle =    {American Astronomical Society Meeting Abstracts},
  year =         2004,
  series =       {Bulletin of the American Astronomical Society},
  volume =       36,
  month =        dec,
  pages =        {\#108.11},
  adsurl =       {http://adsabs.harvard.edu/abs/2004AAS...20510811A},
  adsnote =      {Provided by the SAO/NASA Astrophysics Data System}
}

@INPROCEEDINGS{2010SPIE.7740E..15A,
  author =       {{Axelrod}, T. and {Kantor}, J. and {Lupton},
                  R.~H. and {Pierfederici}, F.  },
  title =        "{An open source application framework for
                  astronomical imaging pipelines}",
  booktitle =    {Software and Cyberinfrastructure for Astronomy},
  year =         2010,
  series =       {\procspie},
  editor =       {Nicole M. Radziwill and Alan Bridger},
  volume =       7740,
  month =        jul,
  eid =          774015,
  pages =        774015,
  doi =          {10.1117/12.857297},
  adsurl =       {http://adsabs.harvard.edu/abs/2010SPIE.7740E..15A},
  adsnote =      {Provided by the SAO/NASA Astrophysics Data System}
}

@INPROCEEDINGS{2012ASPC..461..849P,
  author =       {{Petry}, D. and {CASA Development Team}},
  title =        "{Analysing ALMA Data with CASA}",
  booktitle =    {Astronomical Data Analysis Software and Systems XXI},
  year =         2012,
  series =       {\aspconf},
  volume =       461,
  archivePrefix ="arXiv",
  eprint =       {1201.3454},
  primaryClass = "astro-ph.IM",
  editor =       {{Ballester}, P. and {Egret}, D. and {Lorente},
                  N.~P.~F.},
  month =        sep,
  pages =        849,
  adsurl =       {http://adsabs.harvard.edu/abs/2012ASPC..461..849P},
  adsnote =      {Provided by the SAO/NASA Astrophysics Data System}
}


@ARTICLE{2013A&A...558A..33A,
  author =       {{Astropy Collaboration}},
  title =        "{Astropy: A community Python package for astronomy}",
  journal =      {\aap},
  archivePrefix ="arXiv",
  eprint =       {1307.6212},
  primaryClass = "astro-ph.IM",
  keywords =     {methods: data analysis, methods: miscellaneous,
                  virtual observatory tools},
  year =         2013,
  month =        oct,
  volume =       558,
  eid =          {A33},
  pages =        {A33},
  doi =          {10.1051/0004-6361/201322068},
  adsurl =       {http://adsabs.harvard.edu/abs/2013A%26A...558A..33A},
  adsnote =      {Provided by the SAO/NASA Astrophysics Data System}
}

@INPROCEEDINGS{2014SPIE.9145E..1AG,
   author = {{Gressler}, W. and {DeVries}, J. and {Hileman}, E. and {Neill}, D.~R. and 
	{Sebag}, J. and {Wiecha}, O. and {Andrew}, J. and {Lotz}, P. and 
	{Schoening}, W.},
    title = "{LSST Telescope and site status}",
booktitle = {Ground-based and Airborne Telescopes V},
     year = 2014,
   series = {\procspie},
   editor = {Larry M. Stepp and Roberto Gilmozzi and Helen J. Hall},
   volume = 9145,
    month = jul,
      eid = {91451A},
    pages = {91451A},
      doi = {10.1117/12.2056711},
   adsurl = {http://adsabs.harvard.edu/abs/2014SPIE.9145E..1AG},
  adsnote = {Provided by the SAO/NASA Astrophysics Data System}
}

@inproceedings{2016_adassxxv_O3-1,
  author =       "Mario Juric and others",
  booktitle =    "Astronomical Data Analysis Software \& Systems XXV",
  title =        "{The LSST Data Management System}",
  year =         2016,
  editor =       "Lorente, N.~P.~F. and Shortridge, K.",
  volume =       "in press",
  pages =        "arXiv:1512.07914",
  series =       {\aspconf},
  publisher =    "ASP",
  address =      "San Francisco",
  eprint =       {arxiv:1512.07914},
}

@inproceedings{2016_adassxxv_P056,
  author =       "Tim Jenness",
  booktitle =    "Astronomical Data Analysis Software \& Systems XXV",
  title =        "{The LSST Data Processing Software Stack: Summer 2015 Release}",
  year =         2016,
  editor =       "Lorente, N.~P.~F. and Shortridge, K.",
  volume =       "in press",
  pages =        "arXiv:1511.06790",
  series =       {\aspconf},
  publisher =    "ASP",
  archivePrefix ="arXiv",
  eprint =       {arXiv:1511.06790},
  address =      "San Francisco",
}
